@misc{BlockChain,
author={S. Nakamoto},
title={A peer-to-peer electronic cash system},
year={2008},
}

@misc{Bitcoin,
author={S. Nakamoto},
title={Bitcoin: A Peer-to-Peer Electronic Cash System},
year={2009},
}

@misc{Trends,
author={Google},
title={https://trends.google.com/trends/explore?date=all\&geo=US\&q=bitcoin,Etherium,Litecoin},
year={2019},
}

@misc{Integrity,
author={E.B. Fernandez and R.C. Summers and C. Wood},
title={Database Security and Integrity},
year={1981},
}

@misc{Double,
author={Jaap-Henk Hoepman},
title={Distributed Double Spending Prevention},
year={2008},
}



@misc{LinuxHyper,
author={Hyperledger},
title={Linux Foundationâ€™s Hyperledger Project Announces 30 Founding Members and Code Proposals To Advance Blockchain Technology},
year={2016}
}

@misc{IMBResearch,
author={Parth Thakkar and Senthil Nathan N and Balaji Viswanathan},
title={Performance Benchmarking and Optimizing Hyperledger Fabric Blockchain Platform},
year={2018}
}

@misc{ThailandPerf,
author={Suporn Pongnumkul and Chaiyaphum Siripanpornchana and Suttipong Thajchayapong},
title={Performance Analysis of Private BlockchainPlatforms in Varying Workloads},
year={2017}
}

@mic{CAP,
author={Eric A. Brewer},
title={Towards robust distributed systems. (Invited Talk) Principles of Distributed Computing,
Portland, Oregon, },
year={2000},
}

@misc{ShaFabPerf,
author={Qassim Nasir and Ilham A. Qasse and Manar Abu Talib and Ali Bou Nassif},
title={Performance Analysis of Hyperledger Fabric Platforms},
year={2018}
}
@misc{BITCass,
author={Sogand Shirinbab and  Lars Lundberg and Emiliano Casalicchio},
title={Performance Comparision between Scaling of Virtual Machines and Containers using Cassandra NoSQL Database},
year={2019}
}

@misc{MonCas,
author={Veronika Abramova and Jorge Bernardino},
title={NoSQL Databases: MongoDB vs Cassandra },
year={2013}
}

@misc{HypDoc,
author={IBM},
title={Hyperledger Fabric: A Distributed Operating System for
Permissioned Blockchains},
year={2018}	
}

@misc{CasArch,
author={Avinash Lakshman and Prashant Malik},
title={Cassandra - A Decentralized Structured Storage System},
year={2015}
}

@misc{BnkH,
author={ANZ and Wells Fargo},
title={Distributed ledger technology and opportunities in correspondent banking},
year={2016}
}

@misc{BnkC,
author={Datastax},
title={Modernizing banks with Datastax Enterprise},
year={2017}
}

@misc{CAPP,
author={Seth Gilbert and Nancy Lynch },
title={Brewer's Conjecture and the Feasibility of Consistent, Available,Partition-Tolerant Web Services},
year={2002}
}

@misc{BCCAP,
author={De Angelis and Stefano and Aniello and Leonardo and Baldoni and Roberto and Lombardi and Federico and Margheri and Andrea and Sassone and Vladimiro},
title={PBFT vs proof-of-authority: applying the CAP theorem to permissioned blockchain},
year={2018}
}